@book{Boreskov2013,
author = {Boreskov, Alexey. and Shikin, Evgeniy.},
isbn = {9781439867303},
pages = {568},
title = {{Computer Graphics: From Pixels to Programmable Graphics Hardware}},
year = {2013}
}
@book{Dunn2002,
author = {Dunn, Fletcher. and Parberry, Ian.},
edition = {2nd},
eprint = {arXiv:1011.1669v3},
isbn = {1556229119},
pages = {429},
publisher = {Wordware Pub},
title = {{3D Math Primer for Graphics and Game Development}},
year = {2002}
}
@book{Eckel2000a,
author = {Eckel, Bruce.},
isbn = {0130353132},
publisher = {Prentice Hall},
title = {{Thinking in C++}},
year = {2000}
}
@book{Eckel2000,
author = {Eckel, Bruce.},
isbn = {0139798099},
publisher = {Prentice Hall},
title = {{Thinking in C++}},
year = {2000}
}
@book{Koenig2000,
author = {Koenig, Andrew. and Moo, Barbara E.},
isbn = {020170353X},
pages = {336},
publisher = {Addison-Wesley},
title = {{Accelerated C++ : Practical Programming by Example}},
year = {2000}
}
@book{Lengyel2012,
author = {Lengyel, Eric.},
edition = {3rd},
isbn = {1584502770},
pages = {545},
publisher = {Course Technology PTR},
title = {{Mathematics for 3D Game Programming and Computer Graphics}},
year = {2012}
}
@book{Lippman2013,
author = {Lippman, Stanley B. and Lajoie, Jos\'{e}e. and Moo, Barbara E.},
edition = {5th},
eprint = {0605511},
isbn = {0321714113},
pages = {1399},
publisher = {Addison-Wesley},
title = {{C++ Primer}},
year = {2013}
}
@misc{Ramires2011,
author = {Ramires, Ant{\'{o}}nio},
booktitle = {Lighthouse3d.com},
title = {{GLUT Tutorial}},
url = {http://www.lighthouse3d.com/tutorials/glut-tutorial/},
urldate = {2017-04-08},
year = {2011}
}
@book{Shirley2015,
author = {Shirley, Peter and Marschner, Steve},
isbn = {139781482229417},
pages = {737},
publisher = {CRC Press},
title = {{Fundamentals of Computer Graphics}},
year = {2015}
}
@book{Shreiner2010,
author = {Shreiner, Dave. and {Khronos OpenGL ARB Working Group.}},
edition = {7th},
isbn = {0321552628},
issn = {13807501},
pages = {885},
publisher = {Addison-Wesley},
title = {{OpenGL Programming Guide : The Official Guide to Learning OpenGL, Versions 3.0 and 3.1}},
year = {2010}
}
@book{Stroustrup2014,
author = {Stroustrup, Bjarne.},
isbn = {9780321958310},
publisher = {Addison-Wesley},
title = {{A Tour Of C++}},
year = {2014}
}
